%YAML 1.1
%TAG !u! tag:unity3d.com,2011:
--- !u!1 &1007577161125400
GameObject:
  m_ObjectHideFlags: 0
  m_CorrespondingSourceObject: {fileID: 0}
  m_PrefabInstance: {fileID: 0}
  m_PrefabAsset: {fileID: 0}
  serializedVersion: 6
  m_Component:
  - component: {fileID: 4154081603200712}
  m_Layer: 0
  m_Name: RigNeck2
  m_TagString: Untagged
  m_Icon: {fileID: 0}
  m_NavMeshLayer: 0
  m_StaticEditorFlags: 0
  m_IsActive: 1
--- !u!4 &4154081603200712
Transform:
  m_ObjectHideFlags: 0
  m_CorrespondingSourceObject: {fileID: 0}
  m_PrefabInstance: {fileID: 0}
  m_PrefabAsset: {fileID: 0}
  m_GameObject: {fileID: 1007577161125400}
  m_LocalRotation: {x: 0, y: 1.2300171e-14, z: -0, w: 1}
  m_LocalPosition: {x: -0.061144635, y: -9.094947e-15, z: 1.5041787e-15}
  m_LocalScale: {x: 1, y: 1, z: 1}
  m_Children:
  - {fileID: 4301142191395484}
  m_Father: {fileID: 4312559309721478}
  m_RootOrder: 0
  m_LocalEulerAnglesHint: {x: 1.4822347, y: 2.927958, z: 9.259074}
--- !u!1 &1008542914074572
GameObject:
  m_ObjectHideFlags: 0
  m_CorrespondingSourceObject: {fileID: 0}
  m_PrefabInstance: {fileID: 0}
  m_PrefabAsset: {fileID: 0}
  serializedVersion: 6
  m_Component:
  - component: {fileID: 4242329198929852}
  - component: {fileID: 114224102276062542}
  - component: {fileID: 54425744785788372}
  - component: {fileID: 136623016298806982}
  - component: {fileID: 65184651051521744}
  - component: {fileID: 195017461720711818}
  m_Layer: 10
  m_Name: Enemy_D_Tower
  m_TagString: Enemy
  m_Icon: {fileID: 0}
  m_NavMeshLayer: 0
  m_StaticEditorFlags: 0
  m_IsActive: 1
--- !u!4 &4242329198929852
Transform:
  m_ObjectHideFlags: 0
  m_CorrespondingSourceObject: {fileID: 0}
  m_PrefabInstance: {fileID: 0}
  m_PrefabAsset: {fileID: 0}
  m_GameObject: {fileID: 1008542914074572}
  m_LocalRotation: {x: -0, y: 0.8972969, z: -0, w: -0.44142756}
  m_LocalPosition: {x: 5.22, y: -88.770004, z: 1.43}
  m_LocalScale: {x: 1, y: 1, z: 1}
  m_Children:
  - {fileID: 4973794292835340}
  - {fileID: 4414348959701780}
  - {fileID: 4149223841963454}
  - {fileID: 224609965972332626}
  m_Father: {fileID: 0}
  m_RootOrder: 0
  m_LocalEulerAnglesHint: {x: 0, y: 232.39, z: 0}
--- !u!114 &114224102276062542
MonoBehaviour:
  m_ObjectHideFlags: 0
  m_CorrespondingSourceObject: {fileID: 0}
  m_PrefabInstance: {fileID: 0}
  m_PrefabAsset: {fileID: 0}
  m_GameObject: {fileID: 1008542914074572}
  m_Enabled: 1
  m_EditorHideFlags: 0
  m_Script: {fileID: 11500000, guid: 596b6f3ea75ebfc4d888289d3f560947, type: 3}
  m_Name: 
  m_EditorClassIdentifier: 
  vidaAtual: 600
  vidaMax: 600
  ataque: 40
  dead: 0
  stop: 0
  agent: {fileID: 195017461720711818}
  targetingType: 0
  currentTarget: {fileID: 0}
  targetInRange: 0
  attackDelay: 3
  hitPosition: {fileID: 4149223841963454}
  invulnerableTime: 0.3
  anim: {fileID: 95083614487868398}
  healthSlider: {fileID: 114754488634191670}
  scorePoints: 500
--- !u!54 &54425744785788372
Rigidbody:
  m_ObjectHideFlags: 0
  m_CorrespondingSourceObject: {fileID: 0}
  m_PrefabInstance: {fileID: 0}
  m_PrefabAsset: {fileID: 0}
  m_GameObject: {fileID: 1008542914074572}
  serializedVersion: 2
  m_Mass: 1
  m_Drag: 0
  m_AngularDrag: 0.05
  m_UseGravity: 0
  m_IsKinematic: 1
  m_Interpolate: 0
  m_Constraints: 0
  m_CollisionDetection: 0
--- !u!136 &136623016298806982
CapsuleCollider:
  m_ObjectHideFlags: 0
  m_CorrespondingSourceObject: {fileID: 0}
  m_PrefabInstance: {fileID: 0}
  m_PrefabAsset: {fileID: 0}
  m_GameObject: {fileID: 1008542914074572}
  m_Material: {fileID: 0}
  m_IsTrigger: 0
  m_Enabled: 1
  m_Radius: 0.6
  m_Height: 2
  m_Direction: 1
  m_Center: {x: 0, y: 0.96, z: 0}
--- !u!65 &65184651051521744
BoxCollider:
  m_ObjectHideFlags: 0
  m_CorrespondingSourceObject: {fileID: 0}
  m_PrefabInstance: {fileID: 0}
  m_PrefabAsset: {fileID: 0}
  m_GameObject: {fileID: 1008542914074572}
  m_Material: {fileID: 0}
  m_IsTrigger: 1
  m_Enabled: 1
  serializedVersion: 2
  m_Size: {x: 1.5, y: 1, z: 1.5}
  m_Center: {x: 0, y: 0.6, z: 0}
--- !u!195 &195017461720711818
NavMeshAgent:
  m_ObjectHideFlags: 0
  m_CorrespondingSourceObject: {fileID: 0}
  m_PrefabInstance: {fileID: 0}
  m_PrefabAsset: {fileID: 0}
  m_GameObject: {fileID: 1008542914074572}
  m_Enabled: 1
  m_AgentTypeID: 0
  m_Radius: 0.6
  m_Speed: 0.75
  m_Acceleration: 8
  avoidancePriority: 50
  m_AngularSpeed: 120
  m_StoppingDistance: 1.2
  m_AutoTraverseOffMeshLink: 1
  m_AutoBraking: 1
  m_AutoRepath: 1
  m_Height: 1
  m_BaseOffset: -0.02
  m_WalkableMask: 3
  m_ObstacleAvoidanceType: 1
--- !u!1 &1045974866557042
GameObject:
  m_ObjectHideFlags: 0
  m_CorrespondingSourceObject: {fileID: 0}
  m_PrefabInstance: {fileID: 0}
  m_PrefabAsset: {fileID: 0}
  serializedVersion: 6
  m_Component:
  - component: {fileID: 4175993665884716}
  m_Layer: 0
  m_Name: RigLLeg1
  m_TagString: Untagged
  m_Icon: {fileID: 0}
  m_NavMeshLayer: 0
  m_StaticEditorFlags: 0
  m_IsActive: 1
--- !u!4 &4175993665884716
Transform:
  m_ObjectHideFlags: 0
  m_CorrespondingSourceObject: {fileID: 0}
  m_PrefabInstance: {fileID: 0}
  m_PrefabAsset: {fileID: 0}
  m_GameObject: {fileID: 1045974866557042}
  m_LocalRotation: {x: 0.022995614, y: 0.99876827, z: -0.043459903, w: -0.006665349}
  m_LocalPosition: {x: -0.005475483, y: 0.000000028607337, z: 0.20675251}
  m_LocalScale: {x: 0.99999994, y: 0.9999999, z: 1.0000001}
  m_Children:
  - {fileID: 4197725076641250}
  m_Father: {fileID: 4923452541900528}
  m_RootOrder: 0
  m_LocalEulerAnglesHint: {x: 3.5291944, y: 177.53232, z: 127.01519}
--- !u!1 &1047526832197232
GameObject:
  m_ObjectHideFlags: 0
  m_CorrespondingSourceObject: {fileID: 0}
  m_PrefabInstance: {fileID: 0}
  m_PrefabAsset: {fileID: 0}
  serializedVersion: 6
  m_Component:
  - component: {fileID: 4380562168807594}
  m_Layer: 0
  m_Name: RigLLegAnkle
  m_TagString: Untagged
  m_Icon: {fileID: 0}
  m_NavMeshLayer: 0
  m_StaticEditorFlags: 0
  m_IsActive: 1
--- !u!4 &4380562168807594
Transform:
  m_ObjectHideFlags: 0
  m_CorrespondingSourceObject: {fileID: 0}
  m_PrefabInstance: {fileID: 0}
  m_PrefabAsset: {fileID: 0}
  m_GameObject: {fileID: 1047526832197232}
  m_LocalRotation: {x: -0.017065015, y: 0.024035856, z: -0.3596313, w: 0.93262875}
  m_LocalPosition: {x: -0.08285238, y: 0, z: 0.000000019073486}
  m_LocalScale: {x: 1.0000001, y: 1.0000001, z: 0.9999999}
  m_Children: []
  m_Father: {fileID: 4197725076641250}
  m_RootOrder: 0
  m_LocalEulerAnglesHint: {x: 5.3985243, y: 1.831039, z: -37.00574}
--- !u!1 &1085596415274936
GameObject:
  m_ObjectHideFlags: 0
  m_CorrespondingSourceObject: {fileID: 0}
  m_PrefabInstance: {fileID: 0}
  m_PrefabAsset: {fileID: 0}
  serializedVersion: 6
  m_Component:
  - component: {fileID: 224538099847597516}
  - component: {fileID: 114754488634191670}
  m_Layer: 5
  m_Name: Slider
  m_TagString: Untagged
  m_Icon: {fileID: 0}
  m_NavMeshLayer: 0
  m_StaticEditorFlags: 0
  m_IsActive: 1
--- !u!224 &224538099847597516
RectTransform:
  m_ObjectHideFlags: 0
  m_CorrespondingSourceObject: {fileID: 0}
  m_PrefabInstance: {fileID: 0}
  m_PrefabAsset: {fileID: 0}
  m_GameObject: {fileID: 1085596415274936}
  m_LocalRotation: {x: 0, y: 0, z: 0, w: 1}
  m_LocalPosition: {x: 0, y: 0, z: 0}
  m_LocalScale: {x: 1, y: 1, z: 1}
  m_Children:
  - {fileID: 224841464882531958}
  - {fileID: 224172081391200586}
  m_Father: {fileID: 224609965972332626}
  m_RootOrder: 0
  m_LocalEulerAnglesHint: {x: 0, y: 0, z: 0}
  m_AnchorMin: {x: 0, y: 0}
  m_AnchorMax: {x: 1, y: 1}
  m_AnchoredPosition: {x: 0, y: 0}
  m_SizeDelta: {x: 0, y: 0}
  m_Pivot: {x: 0.5, y: 0.5}
--- !u!114 &114754488634191670
MonoBehaviour:
  m_ObjectHideFlags: 0
  m_CorrespondingSourceObject: {fileID: 0}
  m_PrefabInstance: {fileID: 0}
  m_PrefabAsset: {fileID: 0}
  m_GameObject: {fileID: 1085596415274936}
  m_Enabled: 1
  m_EditorHideFlags: 0
  m_Script: {fileID: 11500000, guid: 67db9e8f0e2ae9c40bc1e2b64352a6b4, type: 3}
  m_Name: 
  m_EditorClassIdentifier: 
  m_Navigation:
    m_Mode: 3
    m_SelectOnUp: {fileID: 0}
    m_SelectOnDown: {fileID: 0}
    m_SelectOnLeft: {fileID: 0}
    m_SelectOnRight: {fileID: 0}
  m_Transition: 0
  m_Colors:
    m_NormalColor: {r: 1, g: 1, b: 1, a: 1}
    m_HighlightedColor: {r: 0.9607843, g: 0.9607843, b: 0.9607843, a: 1}
    m_PressedColor: {r: 0.78431374, g: 0.78431374, b: 0.78431374, a: 1}
    m_SelectedColor: {r: 0.9607843, g: 0.9607843, b: 0.9607843, a: 1}
    m_DisabledColor: {r: 0.78431374, g: 0.78431374, b: 0.78431374, a: 0.5019608}
    m_ColorMultiplier: 1
    m_FadeDuration: 0.1
  m_SpriteState:
    m_HighlightedSprite: {fileID: 0}
    m_PressedSprite: {fileID: 0}
    m_SelectedSprite: {fileID: 0}
    m_DisabledSprite: {fileID: 0}
  m_AnimationTriggers:
    m_NormalTrigger: Normal
    m_HighlightedTrigger: Highlighted
    m_PressedTrigger: Pressed
    m_SelectedTrigger: Highlighted
    m_DisabledTrigger: Disabled
  m_Interactable: 0
  m_TargetGraphic: {fileID: 0}
  m_FillRect: {fileID: 224915613773857172}
  m_HandleRect: {fileID: 0}
  m_Direction: 0
  m_MinValue: 0
  m_MaxValue: 1
  m_WholeNumbers: 0
  m_Value: 0.5
  m_OnValueChanged:
    m_PersistentCalls:
      m_Calls: []
--- !u!1 &1089911782893492
GameObject:
  m_ObjectHideFlags: 0
  m_CorrespondingSourceObject: {fileID: 0}
  m_PrefabInstance: {fileID: 0}
  m_PrefabAsset: {fileID: 0}
  serializedVersion: 6
  m_Component:
  - component: {fileID: 4312559309721478}
  m_Layer: 0
  m_Name: RigNeck1
  m_TagString: Untagged
  m_Icon: {fileID: 0}
  m_NavMeshLayer: 0
  m_StaticEditorFlags: 0
  m_IsActive: 1
--- !u!4 &4312559309721478
Transform:
  m_ObjectHideFlags: 0
  m_CorrespondingSourceObject: {fileID: 0}
  m_PrefabInstance: {fileID: 0}
  m_PrefabAsset: {fileID: 0}
  m_GameObject: {fileID: 1089911782893492}
  m_LocalRotation: {x: 7.10543e-15, y: 2.5571745e-14, z: 7.1054274e-15, w: 1}
  m_LocalPosition: {x: -0, y: 0, z: 0}
  m_LocalScale: {x: 1, y: 1, z: 1}
  m_Children:
  - {fileID: 4154081603200712}
  m_Father: {fileID: 4059071452540156}
  m_RootOrder: 1
  m_LocalEulerAnglesHint: {x: 0.3635962, y: 0.89815414, z: 3.202795}
--- !u!1 &1132162929357404
GameObject:
  m_ObjectHideFlags: 0
  m_CorrespondingSourceObject: {fileID: 0}
  m_PrefabInstance: {fileID: 0}
  m_PrefabAsset: {fileID: 0}
  serializedVersion: 6
  m_Component:
  - component: {fileID: 4028851775461830}
  m_Layer: 0
  m_Name: RigRLegPlatform
  m_TagString: Untagged
  m_Icon: {fileID: 0}
  m_NavMeshLayer: 0
  m_StaticEditorFlags: 0
  m_IsActive: 1
--- !u!4 &4028851775461830
Transform:
  m_ObjectHideFlags: 0
  m_CorrespondingSourceObject: {fileID: 0}
  m_PrefabInstance: {fileID: 0}
  m_PrefabAsset: {fileID: 0}
  m_GameObject: {fileID: 1132162929357404}
  m_LocalRotation: {x: 0.50000006, y: -0.50000006, z: -0.49999997, w: 0.49999997}
  m_LocalPosition: {x: 0.21196501, y: -2.2015032e-14, z: -0.00000004587017}
  m_LocalScale: {x: 1, y: 1, z: 1}
  m_Children: []
  m_Father: {fileID: 4973794292835340}
  m_RootOrder: 12
  m_LocalEulerAnglesHint: {x: 0, y: -90.00001, z: -90}
--- !u!1 &1149965194127404
GameObject:
  m_ObjectHideFlags: 0
  m_CorrespondingSourceObject: {fileID: 0}
  m_PrefabInstance: {fileID: 0}
  m_PrefabAsset: {fileID: 0}
  serializedVersion: 6
  m_Component:
  - component: {fileID: 4444192775882176}
  m_Layer: 0
  m_Name: RigLArm1
  m_TagString: Untagged
  m_Icon: {fileID: 0}
  m_NavMeshLayer: 0
  m_StaticEditorFlags: 0
  m_IsActive: 1
--- !u!4 &4444192775882176
Transform:
  m_ObjectHideFlags: 0
  m_CorrespondingSourceObject: {fileID: 0}
  m_PrefabInstance: {fileID: 0}
  m_PrefabAsset: {fileID: 0}
  m_GameObject: {fileID: 1149965194127404}
  m_LocalRotation: {x: 0.02644954, y: 0.7270756, z: 0.007930812, w: 0.68600196}
  m_LocalPosition: {x: -0.050908353, y: -0.14383349, z: 0.36017922}
  m_LocalScale: {x: 1, y: 1, z: 0.9999999}
  m_Children:
  - {fileID: 4762964365450666}
  m_Father: {fileID: 4059071452540156}
  m_RootOrder: 0
  m_LocalEulerAnglesHint: {x: 13.571549, y: 104.17157, z: 3.7126637}
--- !u!1 &1175658838455056
GameObject:
  m_ObjectHideFlags: 0
  m_CorrespondingSourceObject: {fileID: 0}
  m_PrefabInstance: {fileID: 0}
  m_PrefabAsset: {fileID: 0}
  serializedVersion: 6
  m_Component:
  - component: {fileID: 4197725076641250}
  m_Layer: 0
  m_Name: RigLLeg2
  m_TagString: Untagged
  m_Icon: {fileID: 0}
  m_NavMeshLayer: 0
  m_StaticEditorFlags: 0
  m_IsActive: 1
--- !u!4 &4197725076641250
Transform:
  m_ObjectHideFlags: 0
  m_CorrespondingSourceObject: {fileID: 0}
  m_PrefabInstance: {fileID: 0}
  m_PrefabAsset: {fileID: 0}
  m_GameObject: {fileID: 1175658838455056}
  m_LocalRotation: {x: -0.03571201, y: -0.030772407, z: 0.13795444, w: 0.9893161}
  m_LocalPosition: {x: -0.07797092, y: 0.000000007152557, z: -0.000000057220458}
  m_LocalScale: {x: 1, y: 0.9999999, z: 1.0000001}
  m_Children:
  - {fileID: 4380562168807594}
  m_Father: {fileID: 4175993665884716}
  m_RootOrder: 0
  m_LocalEulerAnglesHint: {x: -6.6789637, y: 0.2293344, z: 9.696514}
--- !u!1 &1205588185209410
GameObject:
  m_ObjectHideFlags: 0
  m_CorrespondingSourceObject: {fileID: 0}
  m_PrefabInstance: {fileID: 0}
  m_PrefabAsset: {fileID: 0}
  serializedVersion: 6
  m_Component:
  - component: {fileID: 4915058470163222}
  m_Layer: 0
  m_Name: RigRArmPalm
  m_TagString: Untagged
  m_Icon: {fileID: 0}
  m_NavMeshLayer: 0
  m_StaticEditorFlags: 0
  m_IsActive: 1
--- !u!4 &4915058470163222
Transform:
  m_ObjectHideFlags: 0
  m_CorrespondingSourceObject: {fileID: 0}
  m_PrefabInstance: {fileID: 0}
  m_PrefabAsset: {fileID: 0}
  m_GameObject: {fileID: 1205588185209410}
  m_LocalRotation: {x: -0.7105696, y: -0.0039761644, z: 0.036398366, w: 0.7026736}
  m_LocalPosition: {x: -0.12425094, y: 0.00000061035155, z: 0.00000022888183}
  m_LocalScale: {x: 1.0000007, y: 0.9999997, z: 0.9999996}
  m_Children: []
  m_Father: {fileID: 4538685307327770}
  m_RootOrder: 0
  m_LocalEulerAnglesHint: {x: -60.62301, y: 9.200778, z: 6.4197702}
--- !u!1 &1250028869810996
GameObject:
  m_ObjectHideFlags: 0
  m_CorrespondingSourceObject: {fileID: 0}
  m_PrefabInstance: {fileID: 0}
  m_PrefabAsset: {fileID: 0}
  serializedVersion: 6
  m_Component:
  - component: {fileID: 4498556422054724}
  m_Layer: 0
  m_Name: RigRLegAnkle
  m_TagString: Untagged
  m_Icon: {fileID: 0}
  m_NavMeshLayer: 0
  m_StaticEditorFlags: 0
  m_IsActive: 1
--- !u!4 &4498556422054724
Transform:
  m_ObjectHideFlags: 0
  m_CorrespondingSourceObject: {fileID: 0}
  m_PrefabInstance: {fileID: 0}
  m_PrefabAsset: {fileID: 0}
  m_GameObject: {fileID: 1250028869810996}
  m_LocalRotation: {x: 0.016438993, y: -0.023838101, z: -0.35959694, w: 0.9326583}
  m_LocalPosition: {x: -0.08285151, y: 0, z: 0}
  m_LocalScale: {x: 1.0000002, y: 0.9999998, z: 1.0000001}
  m_Children: []
  m_Father: {fileID: 4375724612926496}
  m_RootOrder: 0
  m_LocalEulerAnglesHint: {x: 30.125088, y: 30.805822, z: -87.71735}
--- !u!1 &1310716325342606
GameObject:
  m_ObjectHideFlags: 0
  m_CorrespondingSourceObject: {fileID: 0}
  m_PrefabInstance: {fileID: 0}
  m_PrefabAsset: {fileID: 0}
  serializedVersion: 6
  m_Component:
  - component: {fileID: 224609965972332626}
  - component: {fileID: 223827862915704796}
  - component: {fileID: 114933801218704228}
  - component: {fileID: 114421057833064402}
  - component: {fileID: 225508273438760512}
  - component: {fileID: 114328468645305700}
  m_Layer: 5
  m_Name: EnemyHUD
  m_TagString: Untagged
  m_Icon: {fileID: 0}
  m_NavMeshLayer: 0
  m_StaticEditorFlags: 0
  m_IsActive: 1
--- !u!224 &224609965972332626
RectTransform:
  m_ObjectHideFlags: 0
  m_CorrespondingSourceObject: {fileID: 0}
  m_PrefabInstance: {fileID: 0}
  m_PrefabAsset: {fileID: 0}
  m_GameObject: {fileID: 1310716325342606}
  m_LocalRotation: {x: -0.18645626, y: -0.81329644, z: 0.37926275, w: -0.39992836}
  m_LocalPosition: {x: 0, y: 0, z: 0}
  m_LocalScale: {x: 0.0025, y: 0.0025, z: 0.1}
  m_Children:
  - {fileID: 224538099847597516}
  m_Father: {fileID: 4242329198929852}
  m_RootOrder: 3
  m_LocalEulerAnglesHint: {x: 50, y: -232.37299, z: -0.006}
  m_AnchorMin: {x: 0, y: 0}
  m_AnchorMax: {x: 0, y: 0}
  m_AnchoredPosition: {x: 0, y: 1.75}
  m_SizeDelta: {x: 420, y: 80}
  m_Pivot: {x: 0.5, y: 0.5}
--- !u!223 &223827862915704796
Canvas:
  m_ObjectHideFlags: 0
  m_CorrespondingSourceObject: {fileID: 0}
  m_PrefabInstance: {fileID: 0}
  m_PrefabAsset: {fileID: 0}
  m_GameObject: {fileID: 1310716325342606}
  m_Enabled: 1
  serializedVersion: 3
  m_RenderMode: 2
  m_Camera: {fileID: 0}
  m_PlaneDistance: 100
  m_PixelPerfect: 0
  m_ReceivesEvents: 1
  m_OverrideSorting: 0
  m_OverridePixelPerfect: 0
  m_SortingBucketNormalizedSize: 0
  m_AdditionalShaderChannelsFlag: 0
  m_SortingLayerID: 0
  m_SortingOrder: 1
  m_TargetDisplay: 0
--- !u!114 &114933801218704228
MonoBehaviour:
  m_ObjectHideFlags: 0
  m_CorrespondingSourceObject: {fileID: 0}
  m_PrefabInstance: {fileID: 0}
  m_PrefabAsset: {fileID: 0}
  m_GameObject: {fileID: 1310716325342606}
  m_Enabled: 1
  m_EditorHideFlags: 0
  m_Script: {fileID: 11500000, guid: 0cd44c1031e13a943bb63640046fad76, type: 3}
  m_Name: 
  m_EditorClassIdentifier: 
  m_UiScaleMode: 0
  m_ReferencePixelsPerUnit: 100
  m_ScaleFactor: 1
  m_ReferenceResolution: {x: 800, y: 600}
  m_ScreenMatchMode: 0
  m_MatchWidthOrHeight: 0
  m_PhysicalUnit: 3
  m_FallbackScreenDPI: 96
  m_DefaultSpriteDPI: 96
  m_DynamicPixelsPerUnit: 1
--- !u!114 &114421057833064402
MonoBehaviour:
  m_ObjectHideFlags: 0
  m_CorrespondingSourceObject: {fileID: 0}
  m_PrefabInstance: {fileID: 0}
  m_PrefabAsset: {fileID: 0}
  m_GameObject: {fileID: 1310716325342606}
  m_Enabled: 1
  m_EditorHideFlags: 0
  m_Script: {fileID: 11500000, guid: dc42784cf147c0c48a680349fa168899, type: 3}
  m_Name: 
  m_EditorClassIdentifier: 
  m_IgnoreReversedGraphics: 1
  m_BlockingObjects: 0
  m_BlockingMask:
    serializedVersion: 2
    m_Bits: 4294967295
--- !u!225 &225508273438760512
CanvasGroup:
  m_ObjectHideFlags: 0
  m_CorrespondingSourceObject: {fileID: 0}
  m_PrefabInstance: {fileID: 0}
  m_PrefabAsset: {fileID: 0}
  m_GameObject: {fileID: 1310716325342606}
  m_Enabled: 1
  m_Alpha: 1
  m_Interactable: 0
  m_BlocksRaycasts: 0
  m_IgnoreParentGroups: 0
--- !u!114 &114328468645305700
MonoBehaviour:
  m_ObjectHideFlags: 0
  m_CorrespondingSourceObject: {fileID: 0}
  m_PrefabInstance: {fileID: 0}
  m_PrefabAsset: {fileID: 0}
  m_GameObject: {fileID: 1310716325342606}
  m_Enabled: 1
  m_EditorHideFlags: 0
  m_Script: {fileID: 11500000, guid: 58e42292df77e6d40bcfc769b51d60d0, type: 3}
  m_Name: 
  m_EditorClassIdentifier: 
--- !u!1 &1323431274563994
GameObject:
  m_ObjectHideFlags: 0
  m_CorrespondingSourceObject: {fileID: 0}
  m_PrefabInstance: {fileID: 0}
  m_PrefabAsset: {fileID: 0}
  serializedVersion: 6
  m_Component:
  - component: {fileID: 4834601907598366}
  m_Layer: 0
  m_Name: RigLArmPalm
  m_TagString: Untagged
  m_Icon: {fileID: 0}
  m_NavMeshLayer: 0
  m_StaticEditorFlags: 0
  m_IsActive: 1
--- !u!4 &4834601907598366
Transform:
  m_ObjectHideFlags: 0
  m_CorrespondingSourceObject: {fileID: 0}
  m_PrefabInstance: {fileID: 0}
  m_PrefabAsset: {fileID: 0}
  m_GameObject: {fileID: 1323431274563994}
  m_LocalRotation: {x: 0.71057713, y: 0.0039851596, z: 0.036403805, w: 0.70266575}
  m_LocalPosition: {x: -0.12425049, y: -0.0000017166137, z: 0.0000004959106}
  m_LocalScale: {x: 0.9999983, y: 1.0000005, z: 1.0000008}
  m_Children: []
  m_Father: {fileID: 4762964365450666}
  m_RootOrder: 0
  m_LocalEulerAnglesHint: {x: 73.05004, y: -20.341518, z: 9.830804}
--- !u!1 &1336412359609996
GameObject:
  m_ObjectHideFlags: 0
  m_CorrespondingSourceObject: {fileID: 0}
  m_PrefabInstance: {fileID: 0}
  m_PrefabAsset: {fileID: 0}
  serializedVersion: 6
  m_Component:
  - component: {fileID: 4003015084798416}
  m_Layer: 0
  m_Name: RigLArm2Gizmo
  m_TagString: Untagged
  m_Icon: {fileID: 0}
  m_NavMeshLayer: 0
  m_StaticEditorFlags: 0
  m_IsActive: 1
--- !u!4 &4003015084798416
Transform:
  m_ObjectHideFlags: 0
  m_CorrespondingSourceObject: {fileID: 0}
  m_PrefabInstance: {fileID: 0}
  m_PrefabAsset: {fileID: 0}
  m_GameObject: {fileID: 1336412359609996}
  m_LocalRotation: {x: 0.71017355, y: 0.034777917, z: -0.0067789196, w: 0.70313454}
  m_LocalPosition: {x: -0.50045955, y: 0.5067234, z: -0.15077548}
  m_LocalScale: {x: 0.9999985, y: 1.0000011, z: 1.0000002}
  m_Children: []
  m_Father: {fileID: 4973794292835340}
  m_RootOrder: 3
  m_LocalEulerAnglesHint: {x: 65.70765, y: 155.66357, z: 98.28687}
--- !u!1 &1344524152683666
GameObject:
  m_ObjectHideFlags: 0
  m_CorrespondingSourceObject: {fileID: 0}
  m_PrefabInstance: {fileID: 0}
  m_PrefabAsset: {fileID: 0}
  serializedVersion: 6
  m_Component:
  - component: {fileID: 4915818987671842}
  m_Layer: 0
  m_Name: RigSpine2
  m_TagString: Untagged
  m_Icon: {fileID: 0}
  m_NavMeshLayer: 0
  m_StaticEditorFlags: 0
  m_IsActive: 1
--- !u!4 &4915818987671842
Transform:
  m_ObjectHideFlags: 0
  m_CorrespondingSourceObject: {fileID: 0}
  m_PrefabInstance: {fileID: 0}
  m_PrefabAsset: {fileID: 0}
  m_GameObject: {fileID: 1344524152683666}
  m_LocalRotation: {x: -7.1054274e-15, y: 1.2300172e-14, z: -7.1054274e-15, w: 1}
  m_LocalPosition: {x: -0.08259887, y: 0, z: 2.0319596e-15}
  m_LocalScale: {x: 1, y: 1, z: 1}
  m_Children:
  - {fileID: 4868277759363040}
  m_Father: {fileID: 4569671388062164}
  m_RootOrder: 0
  m_LocalEulerAnglesHint: {x: -2.3721676, y: -2.8890235, z: -3.8368418}
--- !u!1 &1352751202316138
GameObject:
  m_ObjectHideFlags: 0
  m_CorrespondingSourceObject: {fileID: 0}
  m_PrefabInstance: {fileID: 0}
  m_PrefabAsset: {fileID: 0}
  serializedVersion: 6
  m_Component:
  - component: {fileID: 4258670920668380}
  m_Layer: 0
  m_Name: Rig
  m_TagString: Untagged
  m_Icon: {fileID: 0}
  m_NavMeshLayer: 0
  m_StaticEditorFlags: 0
  m_IsActive: 1
--- !u!4 &4258670920668380
Transform:
  m_ObjectHideFlags: 0
  m_CorrespondingSourceObject: {fileID: 0}
  m_PrefabInstance: {fileID: 0}
  m_PrefabAsset: {fileID: 0}
  m_GameObject: {fileID: 1352751202316138}
  m_LocalRotation: {x: 0.50000006, y: -0.50000006, z: -0.49999997, w: 0.49999997}
  m_LocalPosition: {x: -0, y: 0, z: 0}
  m_LocalScale: {x: 1, y: 1, z: 1}
  m_Children: []
  m_Father: {fileID: 4973794292835340}
  m_RootOrder: 1
  m_LocalEulerAnglesHint: {x: 0, y: -90.00001, z: -90}
--- !u!1 &1389004431678746
GameObject:
  m_ObjectHideFlags: 0
  m_CorrespondingSourceObject: {fileID: 0}
  m_PrefabInstance: {fileID: 0}
  m_PrefabAsset: {fileID: 0}
  serializedVersion: 6
  m_Component:
  - component: {fileID: 224915613773857172}
  - component: {fileID: 222780347148497022}
  - component: {fileID: 114685016803844804}
  m_Layer: 5
  m_Name: Fill
  m_TagString: Untagged
  m_Icon: {fileID: 0}
  m_NavMeshLayer: 0
  m_StaticEditorFlags: 0
  m_IsActive: 1
--- !u!224 &224915613773857172
RectTransform:
  m_ObjectHideFlags: 0
  m_CorrespondingSourceObject: {fileID: 0}
  m_PrefabInstance: {fileID: 0}
  m_PrefabAsset: {fileID: 0}
  m_GameObject: {fileID: 1389004431678746}
  m_LocalRotation: {x: 0, y: 0, z: 0, w: 1}
  m_LocalPosition: {x: 0, y: 0, z: 0}
  m_LocalScale: {x: 1, y: 1, z: 1}
  m_Children: []
  m_Father: {fileID: 224172081391200586}
  m_RootOrder: 0
  m_LocalEulerAnglesHint: {x: 0, y: 0, z: 0}
  m_AnchorMin: {x: 0, y: 0}
  m_AnchorMax: {x: 0, y: 0}
  m_AnchoredPosition: {x: 0, y: 0}
  m_SizeDelta: {x: 0, y: 0}
  m_Pivot: {x: 0.5, y: 0.5}
--- !u!222 &222780347148497022
CanvasRenderer:
  m_ObjectHideFlags: 0
  m_CorrespondingSourceObject: {fileID: 0}
  m_PrefabInstance: {fileID: 0}
  m_PrefabAsset: {fileID: 0}
  m_GameObject: {fileID: 1389004431678746}
  m_CullTransparentMesh: 0
--- !u!114 &114685016803844804
MonoBehaviour:
  m_ObjectHideFlags: 0
  m_CorrespondingSourceObject: {fileID: 0}
  m_PrefabInstance: {fileID: 0}
  m_PrefabAsset: {fileID: 0}
  m_GameObject: {fileID: 1389004431678746}
  m_Enabled: 1
  m_EditorHideFlags: 0
  m_Script: {fileID: 11500000, guid: fe87c0e1cc204ed48ad3b37840f39efc, type: 3}
  m_Name: 
  m_EditorClassIdentifier: 
  m_Material: {fileID: 0}
  m_Color: {r: 1, g: 0.35172415, b: 0, a: 1}
  m_RaycastTarget: 0
  m_RaycastPadding: {x: 0, y: 0, z: 0, w: 0}
  m_Maskable: 1
  m_OnCullStateChanged:
    m_PersistentCalls:
      m_Calls: []
  m_Sprite: {fileID: 10905, guid: 0000000000000000f000000000000000, type: 0}
  m_Type: 1
  m_PreserveAspect: 0
  m_FillCenter: 1
  m_FillMethod: 4
  m_FillAmount: 1
  m_FillClockwise: 1
  m_FillOrigin: 0
  m_UseSpriteMesh: 0
  m_PixelsPerUnitMultiplier: 1
--- !u!1 &1390608401722400
GameObject:
  m_ObjectHideFlags: 0
  m_CorrespondingSourceObject: {fileID: 0}
  m_PrefabInstance: {fileID: 0}
  m_PrefabAsset: {fileID: 0}
  serializedVersion: 6
  m_Component:
  - component: {fileID: 4149223841963454}
  m_Layer: 10
  m_Name: HitPosition
  m_TagString: Untagged
  m_Icon: {fileID: 0}
  m_NavMeshLayer: 0
  m_StaticEditorFlags: 0
  m_IsActive: 1
--- !u!4 &4149223841963454
Transform:
  m_ObjectHideFlags: 0
  m_CorrespondingSourceObject: {fileID: 0}
  m_PrefabInstance: {fileID: 0}
  m_PrefabAsset: {fileID: 0}
  m_GameObject: {fileID: 1390608401722400}
  m_LocalRotation: {x: 0, y: 0, z: 0, w: 1}
  m_LocalPosition: {x: 0, y: 0.6, z: 0}
  m_LocalScale: {x: 1, y: 1, z: 1}
  m_Children: []
  m_Father: {fileID: 4242329198929852}
  m_RootOrder: 2
  m_LocalEulerAnglesHint: {x: 0, y: 0, z: 0}
--- !u!1 &1424469322819478
GameObject:
  m_ObjectHideFlags: 0
  m_CorrespondingSourceObject: {fileID: 0}
  m_PrefabInstance: {fileID: 0}
  m_PrefabAsset: {fileID: 0}
  serializedVersion: 6
  m_Component:
  - component: {fileID: 4569671388062164}
  m_Layer: 0
  m_Name: RigSpine1
  m_TagString: Untagged
  m_Icon: {fileID: 0}
  m_NavMeshLayer: 0
  m_StaticEditorFlags: 0
  m_IsActive: 1
--- !u!4 &4569671388062164
Transform:
  m_ObjectHideFlags: 0
  m_CorrespondingSourceObject: {fileID: 0}
  m_PrefabInstance: {fileID: 0}
  m_PrefabAsset: {fileID: 0}
  m_GameObject: {fileID: 1424469322819478}
  m_LocalRotation: {x: 1.4210856e-14, y: 2.5571745e-14, z: 1.4210855e-14, w: 1}
  m_LocalPosition: {x: -0, y: 0, z: 0}
  m_LocalScale: {x: 1, y: 1, z: 1}
  m_Children:
  - {fileID: 4915818987671842}
  m_Father: {fileID: 4923452541900528}
  m_RootOrder: 2
  m_LocalEulerAnglesHint: {x: -0.30013263, y: -0.48944706, z: -0.3734601}
--- !u!1 &1447191804321492
GameObject:
  m_ObjectHideFlags: 0
  m_CorrespondingSourceObject: {fileID: 0}
  m_PrefabInstance: {fileID: 0}
  m_PrefabAsset: {fileID: 0}
  serializedVersion: 6
  m_Component:
  - component: {fileID: 4523636860852960}
  m_Layer: 0
  m_Name: RigRArmPalmGizmo
  m_TagString: Untagged
  m_Icon: {fileID: 0}
  m_NavMeshLayer: 0
  m_StaticEditorFlags: 0
  m_IsActive: 1
--- !u!4 &4523636860852960
Transform:
  m_ObjectHideFlags: 0
  m_CorrespondingSourceObject: {fileID: 0}
  m_PrefabInstance: {fileID: 0}
  m_PrefabAsset: {fileID: 0}
  m_GameObject: {fileID: 1447191804321492}
  m_LocalRotation: {x: -0.0010608853, y: -0.010442871, z: 0.999939, w: -0.0034331465}
  m_LocalPosition: {x: 0.62439847, y: 0.50669575, z: -0.14350022}
  m_LocalScale: {x: 1.0000004, y: 0.9999999, z: 0.99999976}
  m_Children: []
  m_Father: {fileID: 4973794292835340}
  m_RootOrder: 10
  m_LocalEulerAnglesHint: {x: -31.186949, y: -23.99198, z: -175.00458}
--- !u!1 &1520876634358906
GameObject:
  m_ObjectHideFlags: 0
  m_CorrespondingSourceObject: {fileID: 0}
  m_PrefabInstance: {fileID: 0}
  m_PrefabAsset: {fileID: 0}
  serializedVersion: 6
  m_Component:
  - component: {fileID: 4414348959701780}
  - component: {fileID: 135061295170104350}
  - component: {fileID: 114078953833399502}
  m_Layer: 10
  m_Name: AttackRange
  m_TagString: Untagged
  m_Icon: {fileID: 0}
  m_NavMeshLayer: 0
  m_StaticEditorFlags: 0
  m_IsActive: 1
--- !u!4 &4414348959701780
Transform:
  m_ObjectHideFlags: 0
  m_CorrespondingSourceObject: {fileID: 0}
  m_PrefabInstance: {fileID: 0}
  m_PrefabAsset: {fileID: 0}
  m_GameObject: {fileID: 1520876634358906}
  m_LocalRotation: {x: 0, y: 0, z: 0, w: 1}
  m_LocalPosition: {x: 0, y: 0, z: 0}
  m_LocalScale: {x: 1, y: 1, z: 1}
  m_Children: []
  m_Father: {fileID: 4242329198929852}
  m_RootOrder: 1
  m_LocalEulerAnglesHint: {x: 0, y: 0, z: 0}
--- !u!135 &135061295170104350
SphereCollider:
  m_ObjectHideFlags: 0
  m_CorrespondingSourceObject: {fileID: 0}
  m_PrefabInstance: {fileID: 0}
  m_PrefabAsset: {fileID: 0}
  m_GameObject: {fileID: 1520876634358906}
  m_Material: {fileID: 0}
  m_IsTrigger: 1
  m_Enabled: 1
  serializedVersion: 2
  m_Radius: 1.5
  m_Center: {x: 0, y: 0, z: 0}
--- !u!114 &114078953833399502
MonoBehaviour:
  m_ObjectHideFlags: 0
  m_CorrespondingSourceObject: {fileID: 0}
  m_PrefabInstance: {fileID: 0}
  m_PrefabAsset: {fileID: 0}
  m_GameObject: {fileID: 1520876634358906}
  m_Enabled: 1
  m_EditorHideFlags: 0
  m_Script: {fileID: 11500000, guid: 70a922bdb479fc04a991acee81d6d6c7, type: 3}
  m_Name: 
  m_EditorClassIdentifier: 
  enemy: {fileID: 114224102276062542}
--- !u!1 &1545000886320450
GameObject:
  m_ObjectHideFlags: 0
  m_CorrespondingSourceObject: {fileID: 0}
  m_PrefabInstance: {fileID: 0}
  m_PrefabAsset: {fileID: 0}
  serializedVersion: 6
  m_Component:
  - component: {fileID: 4973794292835340}
  - component: {fileID: 95083614487868398}
  m_Layer: 0
  m_Name: EnemyVisual
  m_TagString: Untagged
  m_Icon: {fileID: 0}
  m_NavMeshLayer: 0
  m_StaticEditorFlags: 0
  m_IsActive: 1
--- !u!4 &4973794292835340
Transform:
  m_ObjectHideFlags: 0
  m_CorrespondingSourceObject: {fileID: 0}
  m_PrefabInstance: {fileID: 0}
  m_PrefabAsset: {fileID: 0}
  m_GameObject: {fileID: 1545000886320450}
  m_LocalRotation: {x: 0, y: 0, z: 0, w: 1}
  m_LocalPosition: {x: 0, y: 0, z: 0}
  m_LocalScale: {x: 1.8, y: 1.8, z: 2.2}
  m_Children:
  - {fileID: 4082522522490740}
  - {fileID: 4258670920668380}
  - {fileID: 4820937918457552}
  - {fileID: 4003015084798416}
  - {fileID: 4501134837021426}
  - {fileID: 4397953215716644}
  - {fileID: 4923452541900528}
  - {fileID: 4518613083452028}
  - {fileID: 4954927407937214}
  - {fileID: 4115650562296452}
  - {fileID: 4523636860852960}
  - {fileID: 4906346857009766}
  - {fileID: 4028851775461830}
  m_Father: {fileID: 4242329198929852}
  m_RootOrder: 0
  m_LocalEulerAnglesHint: {x: 0, y: 0, z: 0}
--- !u!95 &95083614487868398
Animator:
  serializedVersion: 3
  m_ObjectHideFlags: 0
  m_CorrespondingSourceObject: {fileID: 0}
  m_PrefabInstance: {fileID: 0}
  m_PrefabAsset: {fileID: 0}
  m_GameObject: {fileID: 1545000886320450}
  m_Enabled: 1
  m_Avatar: {fileID: 9000000, guid: abbe107ec1d70fa4eab488d6de4e77e7, type: 3}
  m_Controller: {fileID: 9100000, guid: 5919b42675ed41e4ab9c483f13279a8c, type: 2}
  m_CullingMode: 1
  m_UpdateMode: 0
  m_ApplyRootMotion: 0
  m_LinearVelocityBlending: 0
  m_WarningMessage: 
  m_HasTransformHierarchy: 1
  m_AllowConstantClipSamplingOptimization: 1
  m_KeepAnimatorControllerStateOnDisable: 0
--- !u!1 &1548430943492438
GameObject:
  m_ObjectHideFlags: 0
  m_CorrespondingSourceObject: {fileID: 0}
  m_PrefabInstance: {fileID: 0}
  m_PrefabAsset: {fileID: 0}
  serializedVersion: 6
  m_Component:
  - component: {fileID: 4868277759363040}
  m_Layer: 0
  m_Name: RigSpine3
  m_TagString: Untagged
  m_Icon: {fileID: 0}
  m_NavMeshLayer: 0
  m_StaticEditorFlags: 0
  m_IsActive: 1
--- !u!4 &4868277759363040
Transform:
  m_ObjectHideFlags: 0
  m_CorrespondingSourceObject: {fileID: 0}
  m_PrefabInstance: {fileID: 0}
  m_PrefabAsset: {fileID: 0}
  m_GameObject: {fileID: 1548430943492438}
  m_LocalRotation: {x: 0, y: 1.2300171e-14, z: -0, w: 1}
  m_LocalPosition: {x: -0.08259887, y: 0, z: 2.0319596e-15}
  m_LocalScale: {x: 1, y: 1, z: 1}
  m_Children:
  - {fileID: 4059071452540156}
  m_Father: {fileID: 4915818987671842}
  m_RootOrder: 0
  m_LocalEulerAnglesHint: {x: -2.3590412, y: -3.161155, z: -3.8304787}
--- !u!1 &1550283864169002
GameObject:
  m_ObjectHideFlags: 0
  m_CorrespondingSourceObject: {fileID: 0}
  m_PrefabInstance: {fileID: 0}
  m_PrefabAsset: {fileID: 0}
  serializedVersion: 6
  m_Component:
  - component: {fileID: 4518613083452028}
  m_Layer: 0
  m_Name: RigPelvisGizmo
  m_TagString: Untagged
  m_Icon: {fileID: 0}
  m_NavMeshLayer: 0
  m_StaticEditorFlags: 0
  m_IsActive: 1
--- !u!4 &4518613083452028
Transform:
  m_ObjectHideFlags: 0
  m_CorrespondingSourceObject: {fileID: 0}
  m_PrefabInstance: {fileID: 0}
  m_PrefabAsset: {fileID: 0}
  m_GameObject: {fileID: 1550283864169002}
  m_LocalRotation: {x: 0.50000006, y: -0.50000006, z: -0.49999997, w: 0.49999997}
  m_LocalPosition: {x: 3.5697133e-14, y: 0.21609424, z: -0.00000013477928}
  m_LocalScale: {x: 1, y: 1, z: 1}
  m_Children: []
  m_Father: {fileID: 4973794292835340}
  m_RootOrder: 7
  m_LocalEulerAnglesHint: {x: 4.755901, y: -92.93789, z: -90.20632}
--- !u!1 &1585601617678270
GameObject:
  m_ObjectHideFlags: 0
  m_CorrespondingSourceObject: {fileID: 0}
  m_PrefabInstance: {fileID: 0}
  m_PrefabAsset: {fileID: 0}
  serializedVersion: 6
  m_Component:
  - component: {fileID: 4115650562296452}
  m_Layer: 0
  m_Name: RigRArm2Gizmo
  m_TagString: Untagged
  m_Icon: {fileID: 0}
  m_NavMeshLayer: 0
  m_StaticEditorFlags: 0
  m_IsActive: 1
--- !u!4 &4115650562296452
Transform:
  m_ObjectHideFlags: 0
  m_CorrespondingSourceObject: {fileID: 0}
  m_PrefabInstance: {fileID: 0}
  m_PrefabAsset: {fileID: 0}
  m_GameObject: {fileID: 1585601617678270}
  m_LocalRotation: {x: -0.0067831106, y: 0.70313805, z: 0.7101699, w: 0.034780413}
  m_LocalPosition: {x: 0.5004597, y: 0.51164854, z: -0.15077451}
  m_LocalScale: {x: 1.0000006, y: 0.9999996, z: 0.9999998}
  m_Children: []
  m_Father: {fileID: 4973794292835340}
  m_RootOrder: 9
  m_LocalEulerAnglesHint: {x: -79.50258, y: 74.30371, z: 80.946175}
--- !u!1 &1598649221868704
GameObject:
  m_ObjectHideFlags: 0
  m_CorrespondingSourceObject: {fileID: 0}
  m_PrefabInstance: {fileID: 0}
  m_PrefabAsset: {fileID: 0}
  serializedVersion: 6
  m_Component:
  - component: {fileID: 4002693800359950}
  m_Layer: 0
  m_Name: RigRLeg1
  m_TagString: Untagged
  m_Icon: {fileID: 0}
  m_NavMeshLayer: 0
  m_StaticEditorFlags: 0
  m_IsActive: 1
--- !u!4 &4002693800359950
Transform:
  m_ObjectHideFlags: 0
  m_CorrespondingSourceObject: {fileID: 0}
  m_PrefabInstance: {fileID: 0}
  m_PrefabAsset: {fileID: 0}
  m_GameObject: {fileID: 1598649221868704}
  m_LocalRotation: {x: 0.02295626, y: 0.998769, z: 0.04352096, w: 0.006284271}
  m_LocalPosition: {x: -0.005475464, y: 0.00000003769539, z: -0.20675251}
  m_LocalScale: {x: 0.9999999, y: 1.0000001, z: 1}
  m_Children:
  - {fileID: 4375724612926496}
  m_Father: {fileID: 4923452541900528}
  m_RootOrder: 1
  m_LocalEulerAnglesHint: {x: 17.419827, y: 126.591255, z: -10.694554}
--- !u!1 &1620432892539902
GameObject:
  m_ObjectHideFlags: 0
  m_CorrespondingSourceObject: {fileID: 0}
  m_PrefabInstance: {fileID: 0}
  m_PrefabAsset: {fileID: 0}
  serializedVersion: 6
  m_Component:
  - component: {fileID: 4790084881768430}
  m_Layer: 0
  m_Name: RigRArm1
  m_TagString: Untagged
  m_Icon: {fileID: 0}
  m_NavMeshLayer: 0
  m_StaticEditorFlags: 0
  m_IsActive: 1
--- !u!4 &4790084881768430
Transform:
  m_ObjectHideFlags: 0
  m_CorrespondingSourceObject: {fileID: 0}
  m_PrefabInstance: {fileID: 0}
  m_PrefabAsset: {fileID: 0}
  m_GameObject: {fileID: 1620432892539902}
  m_LocalRotation: {x: -0.026904246, y: -0.71494925, z: 0.007826746, w: 0.6986147}
  m_LocalPosition: {x: -0.05090843, y: -0.14383349, z: -0.36017922}
  m_LocalScale: {x: 0.99999994, y: 1, z: 0.9999999}
  m_Children:
  - {fileID: 4538685307327770}
  m_Father: {fileID: 4059071452540156}
  m_RootOrder: 2
  m_LocalEulerAnglesHint: {x: 4.5429807, y: -97.08646, z: 10.9297285}
--- !u!1 &1687471552535732
GameObject:
  m_ObjectHideFlags: 0
  m_CorrespondingSourceObject: {fileID: 0}
  m_PrefabInstance: {fileID: 0}
  m_PrefabAsset: {fileID: 0}
  serializedVersion: 6
  m_Component:
  - component: {fileID: 4538685307327770}
  m_Layer: 0
  m_Name: RigRArm2
  m_TagString: Untagged
  m_Icon: {fileID: 0}
  m_NavMeshLayer: 0
  m_StaticEditorFlags: 0
  m_IsActive: 1
--- !u!4 &4538685307327770
Transform:
  m_ObjectHideFlags: 0
  m_CorrespondingSourceObject: {fileID: 0}
  m_PrefabInstance: {fileID: 0}
  m_PrefabAsset: {fileID: 0}
  m_GameObject: {fileID: 1687471552535732}
  m_LocalRotation: {x: 0.0076924055, y: -0.0077258525, z: -0.05413024, w: 0.99847436}
  m_LocalPosition: {x: -0.14048733, y: 0.00000043869017, z: 0.000000114440915}
  m_LocalScale: {x: 1.0000008, y: 0.9999992, z: 0.9999997}
  m_Children:
  - {fileID: 4915058470163222}
  m_Father: {fileID: 4790084881768430}
  m_RootOrder: 0
  m_LocalEulerAnglesHint: {x: 0.83200455, y: -0.93187463, z: -39.29111}
--- !u!1 &1689797466024756
GameObject:
  m_ObjectHideFlags: 0
  m_CorrespondingSourceObject: {fileID: 0}
  m_PrefabInstance: {fileID: 0}
  m_PrefabAsset: {fileID: 0}
  serializedVersion: 6
  m_Component:
  - component: {fileID: 224172081391200586}
  m_Layer: 5
  m_Name: Fill Area
  m_TagString: Untagged
  m_Icon: {fileID: 0}
  m_NavMeshLayer: 0
  m_StaticEditorFlags: 0
  m_IsActive: 1
--- !u!224 &224172081391200586
RectTransform:
  m_ObjectHideFlags: 0
  m_CorrespondingSourceObject: {fileID: 0}
  m_PrefabInstance: {fileID: 0}
  m_PrefabAsset: {fileID: 0}
  m_GameObject: {fileID: 1689797466024756}
  m_LocalRotation: {x: 0, y: 0, z: 0, w: 1}
  m_LocalPosition: {x: 0, y: 0, z: 0}
  m_LocalScale: {x: 1, y: 1, z: 1}
  m_Children:
  - {fileID: 224915613773857172}
  m_Father: {fileID: 224538099847597516}
  m_RootOrder: 1
  m_LocalEulerAnglesHint: {x: 0, y: 0, z: 0}
  m_AnchorMin: {x: 0, y: 0.25}
  m_AnchorMax: {x: 1, y: 0.75}
  m_AnchoredPosition: {x: 0, y: 0}
  m_SizeDelta: {x: 0, y: 0}
  m_Pivot: {x: 0.5, y: 0.5}
--- !u!1 &1704712863977218
GameObject:
  m_ObjectHideFlags: 0
  m_CorrespondingSourceObject: {fileID: 0}
  m_PrefabInstance: {fileID: 0}
  m_PrefabAsset: {fileID: 0}
  serializedVersion: 6
  m_Component:
  - component: {fileID: 4954927407937214}
  m_Layer: 0
  m_Name: RigRArm1Gizmo
  m_TagString: Untagged
  m_Icon: {fileID: 0}
  m_NavMeshLayer: 0
  m_StaticEditorFlags: 0
  m_IsActive: 1
--- !u!4 &4954927407937214
Transform:
  m_ObjectHideFlags: 0
  m_CorrespondingSourceObject: {fileID: 0}
  m_PrefabInstance: {fileID: 0}
  m_PrefabAsset: {fileID: 0}
  m_GameObject: {fileID: 1704712863977218}
  m_LocalRotation: {x: 0.02553275, y: 0.69723946, z: 0.7163244, w: -0.009198048}
  m_LocalPosition: {x: 0.36017925, y: 0.51479924, z: -0.1438336}
  m_LocalScale: {x: 0.99999994, y: 0.99999994, z: 0.9999999}
  m_Children: []
  m_Father: {fileID: 4973794292835340}
  m_RootOrder: 8
  m_LocalEulerAnglesHint: {x: -79.23671, y: 68.709435, z: 125.686295}
--- !u!1 &1720696222569060
GameObject:
  m_ObjectHideFlags: 0
  m_CorrespondingSourceObject: {fileID: 0}
  m_PrefabInstance: {fileID: 0}
  m_PrefabAsset: {fileID: 0}
  serializedVersion: 6
  m_Component:
  - component: {fileID: 4906346857009766}
  m_Layer: 0
  m_Name: RigRibcageGizmo
  m_TagString: Untagged
  m_Icon: {fileID: 0}
  m_NavMeshLayer: 0
  m_StaticEditorFlags: 0
  m_IsActive: 1
--- !u!4 &4906346857009766
Transform:
  m_ObjectHideFlags: 0
  m_CorrespondingSourceObject: {fileID: 0}
  m_PrefabInstance: {fileID: 0}
  m_PrefabAsset: {fileID: 0}
  m_GameObject: {fileID: 1720696222569060}
  m_LocalRotation: {x: 0.50000006, y: -0.50000006, z: -0.49999997, w: 0.49999997}
  m_LocalPosition: {x: 3.5697133e-14, y: 0.46389088, z: -0.00000017515049}
  m_LocalScale: {x: 1, y: 1, z: 1}
  m_Children: []
  m_Father: {fileID: 4973794292835340}
  m_RootOrder: 11
  m_LocalEulerAnglesHint: {x: -2.135198, y: -87.221886, z: -99.09342}
--- !u!1 &1739444339490484
GameObject:
  m_ObjectHideFlags: 0
  m_CorrespondingSourceObject: {fileID: 0}
  m_PrefabInstance: {fileID: 0}
  m_PrefabAsset: {fileID: 0}
  serializedVersion: 6
  m_Component:
  - component: {fileID: 4501134837021426}
  m_Layer: 0
  m_Name: RigLArmPalmGizmo
  m_TagString: Untagged
  m_Icon: {fileID: 0}
  m_NavMeshLayer: 0
  m_StaticEditorFlags: 0
  m_IsActive: 1
--- !u!4 &4501134837021426
Transform:
  m_ObjectHideFlags: 0
  m_CorrespondingSourceObject: {fileID: 0}
  m_PrefabInstance: {fileID: 0}
  m_PrefabAsset: {fileID: 0}
  m_GameObject: {fileID: 1739444339490484}
  m_LocalRotation: {x: 0.99993896, y: -0.0034321435, z: -0.0010557185, w: -0.010448063}
  m_LocalPosition: {x: -0.6243982, y: 0.5017704, z: -0.1435024}
  m_LocalScale: {x: 0.99999917, y: 1.0000002, z: 1.0000004}
  m_Children: []
  m_Father: {fileID: 4973794292835340}
  m_RootOrder: 4
  m_LocalEulerAnglesHint: {x: 13.430975, y: -122.716225, z: -173.83162}
--- !u!1 &1740034887709044
GameObject:
  m_ObjectHideFlags: 0
  m_CorrespondingSourceObject: {fileID: 0}
  m_PrefabInstance: {fileID: 0}
  m_PrefabAsset: {fileID: 0}
  serializedVersion: 6
  m_Component:
  - component: {fileID: 4082522522490740}
  - component: {fileID: 137843367301314734}
  m_Layer: 0
  m_Name: Boximon Fiery
  m_TagString: Untagged
  m_Icon: {fileID: 0}
  m_NavMeshLayer: 0
  m_StaticEditorFlags: 0
  m_IsActive: 1
--- !u!4 &4082522522490740
Transform:
  m_ObjectHideFlags: 0
  m_CorrespondingSourceObject: {fileID: 0}
  m_PrefabInstance: {fileID: 0}
  m_PrefabAsset: {fileID: 0}
  m_GameObject: {fileID: 1740034887709044}
  m_LocalRotation: {x: -0.7071068, y: 0, z: -0, w: 0.7071068}
  m_LocalPosition: {x: -0, y: 0, z: -0.00000006397558}
  m_LocalScale: {x: 1, y: 1, z: 1}
  m_Children: []
  m_Father: {fileID: 4973794292835340}
  m_RootOrder: 0
  m_LocalEulerAnglesHint: {x: 0, y: 0, z: 0}
--- !u!137 &137843367301314734
SkinnedMeshRenderer:
  m_ObjectHideFlags: 0
  m_CorrespondingSourceObject: {fileID: 0}
  m_PrefabInstance: {fileID: 0}
  m_PrefabAsset: {fileID: 0}
  m_GameObject: {fileID: 1740034887709044}
  m_Enabled: 1
  m_CastShadows: 1
  m_ReceiveShadows: 1
  m_DynamicOccludee: 1
  m_MotionVectors: 1
  m_LightProbeUsage: 1
  m_ReflectionProbeUsage: 1
  m_RayTracingMode: 3
  m_RayTraceProcedural: 0
  m_RenderingLayerMask: 1
  m_RendererPriority: 0
  m_Materials:
  - {fileID: 2100000, guid: 4bbb948b49d8e37478855bbae9783b0d, type: 2}
  m_StaticBatchInfo:
    firstSubMesh: 0
    subMeshCount: 0
  m_StaticBatchRoot: {fileID: 0}
  m_ProbeAnchor: {fileID: 0}
  m_LightProbeVolumeOverride: {fileID: 0}
  m_ScaleInLightmap: 1
  m_ReceiveGI: 1
  m_PreserveUVs: 0
  m_IgnoreNormalsForChartDetection: 0
  m_ImportantGI: 0
  m_StitchLightmapSeams: 0
  m_SelectedEditorRenderState: 3
  m_MinimumChartSize: 4
  m_AutoUVMaxDistance: 0.5
  m_AutoUVMaxAngle: 89
  m_LightmapParameters: {fileID: 0}
  m_SortingLayerID: 0
  m_SortingLayer: 0
  m_SortingOrder: 0
  serializedVersion: 2
  m_Quality: 0
  m_UpdateWhenOffscreen: 0
  m_SkinnedMotionVectors: 1
  m_Mesh: {fileID: 4300000, guid: abbe107ec1d70fa4eab488d6de4e77e7, type: 3}
  m_Bones:
  - {fileID: 4498556422054724}
  - {fileID: 4301142191395484}
  - {fileID: 4002693800359950}
  - {fileID: 4923452541900528}
  - {fileID: 4915058470163222}
  - {fileID: 4790084881768430}
  - {fileID: 4538685307327770}
  - {fileID: 4375724612926496}
  - {fileID: 4380562168807594}
  - {fileID: 4197725076641250}
  - {fileID: 4834601907598366}
  - {fileID: 4762964365450666}
  - {fileID: 4444192775882176}
  - {fileID: 4175993665884716}
  - {fileID: 4196411219423322}
  - {fileID: 4154081603200712}
  - {fileID: 4059071452540156}
  - {fileID: 4312559309721478}
  - {fileID: 4915818987671842}
  - {fileID: 4868277759363040}
  m_BlendShapeWeights: []
  m_RootBone: {fileID: 4923452541900528}
  m_AABB:
    m_Center: {x: -0.37303326, y: 0.06247446, z: -0.0000024437904}
    m_Extent: {x: 0.6532576, y: 0.37862855, z: 0.8032105}
  m_DirtyAABB: 0
--- !u!1 &1785308865518508
GameObject:
  m_ObjectHideFlags: 0
  m_CorrespondingSourceObject: {fileID: 0}
  m_PrefabInstance: {fileID: 0}
  m_PrefabAsset: {fileID: 0}
  serializedVersion: 6
  m_Component:
  - component: {fileID: 224841464882531958}
  - component: {fileID: 222585210828730924}
  - component: {fileID: 114401488258679896}
  - component: {fileID: 114136136341253844}
  m_Layer: 5
  m_Name: Background
  m_TagString: Untagged
  m_Icon: {fileID: 0}
  m_NavMeshLayer: 0
  m_StaticEditorFlags: 0
  m_IsActive: 1
--- !u!224 &224841464882531958
RectTransform:
  m_ObjectHideFlags: 0
  m_CorrespondingSourceObject: {fileID: 0}
  m_PrefabInstance: {fileID: 0}
  m_PrefabAsset: {fileID: 0}
  m_GameObject: {fileID: 1785308865518508}
  m_LocalRotation: {x: 0, y: 0, z: 0, w: 1}
  m_LocalPosition: {x: 0, y: 0, z: 0}
  m_LocalScale: {x: 1, y: 1, z: 1}
  m_Children: []
  m_Father: {fileID: 224538099847597516}
  m_RootOrder: 0
  m_LocalEulerAnglesHint: {x: 0, y: 0, z: 0}
  m_AnchorMin: {x: 0, y: 0.25}
  m_AnchorMax: {x: 1, y: 0.75}
  m_AnchoredPosition: {x: 0, y: 0}
  m_SizeDelta: {x: 0, y: 0}
  m_Pivot: {x: 0.5, y: 0.5}
--- !u!222 &222585210828730924
CanvasRenderer:
  m_ObjectHideFlags: 0
  m_CorrespondingSourceObject: {fileID: 0}
  m_PrefabInstance: {fileID: 0}
  m_PrefabAsset: {fileID: 0}
  m_GameObject: {fileID: 1785308865518508}
  m_CullTransparentMesh: 0
--- !u!114 &114401488258679896
MonoBehaviour:
  m_ObjectHideFlags: 0
  m_CorrespondingSourceObject: {fileID: 0}
  m_PrefabInstance: {fileID: 0}
  m_PrefabAsset: {fileID: 0}
  m_GameObject: {fileID: 1785308865518508}
  m_Enabled: 1
  m_EditorHideFlags: 0
  m_Script: {fileID: 11500000, guid: fe87c0e1cc204ed48ad3b37840f39efc, type: 3}
  m_Name: 
  m_EditorClassIdentifier: 
  m_Material: {fileID: 0}
  m_Color: {r: 0, g: 0, b: 0, a: 1}
  m_RaycastTarget: 0
  m_RaycastPadding: {x: 0, y: 0, z: 0, w: 0}
  m_Maskable: 1
  m_OnCullStateChanged:
    m_PersistentCalls:
      m_Calls: []
  m_Sprite: {fileID: 10907, guid: 0000000000000000f000000000000000, type: 0}
  m_Type: 1
  m_PreserveAspect: 0
  m_FillCenter: 1
  m_FillMethod: 4
  m_FillAmount: 1
  m_FillClockwise: 1
  m_FillOrigin: 0
  m_UseSpriteMesh: 0
  m_PixelsPerUnitMultiplier: 1
--- !u!114 &114136136341253844
MonoBehaviour:
  m_ObjectHideFlags: 0
  m_CorrespondingSourceObject: {fileID: 0}
  m_PrefabInstance: {fileID: 0}
  m_PrefabAsset: {fileID: 0}
  m_GameObject: {fileID: 1785308865518508}
  m_Enabled: 1
  m_EditorHideFlags: 0
  m_Script: {fileID: 11500000, guid: e19747de3f5aca642ab2be37e372fb86, type: 3}
  m_Name: 
  m_EditorClassIdentifier: 
  m_EffectColor: {r: 1, g: 0.88965523, b: 0, a: 0.359}
  m_EffectDistance: {x: 9, y: -9}
  m_UseGraphicAlpha: 1
--- !u!1 &1795494965269514
GameObject:
  m_ObjectHideFlags: 0
  m_CorrespondingSourceObject: {fileID: 0}
  m_PrefabInstance: {fileID: 0}
  m_PrefabAsset: {fileID: 0}
  serializedVersion: 6
  m_Component:
  - component: {fileID: 4762964365450666}
  m_Layer: 0
  m_Name: RigLArm2
  m_TagString: Untagged
  m_Icon: {fileID: 0}
  m_NavMeshLayer: 0
  m_StaticEditorFlags: 0
  m_IsActive: 1
--- !u!4 &4762964365450666
Transform:
  m_ObjectHideFlags: 0
  m_CorrespondingSourceObject: {fileID: 0}
  m_PrefabInstance: {fileID: 0}
  m_PrefabAsset: {fileID: 0}
  m_GameObject: {fileID: 1795494965269514}
  m_LocalRotation: {x: -0.0067392723, y: -0.009745513, z: -0.053767517, w: 0.9984832}
  m_LocalPosition: {x: -0.14068405, y: -0.0000011444091, z: 0.00000019073485}
  m_LocalScale: {x: 0.9999977, y: 1.0000018, z: 1.0000002}
  m_Children:
  - {fileID: 4834601907598366}
  m_Father: {fileID: 4444192775882176}
  m_RootOrder: 0
  m_LocalEulerAnglesHint: {x: -0.8319318, y: -1.0738078, z: -58.028984}
--- !u!1 &1817032560084484
GameObject:
  m_ObjectHideFlags: 0
  m_CorrespondingSourceObject: {fileID: 0}
  m_PrefabInstance: {fileID: 0}
  m_PrefabAsset: {fileID: 0}
  serializedVersion: 6
  m_Component:
  - component: {fileID: 4820937918457552}
  m_Layer: 0
  m_Name: RigLArm1Gizmo
  m_TagString: Untagged
  m_Icon: {fileID: 0}
  m_NavMeshLayer: 0
  m_StaticEditorFlags: 0
  m_IsActive: 1
--- !u!4 &4820937918457552
Transform:
  m_ObjectHideFlags: 0
  m_CorrespondingSourceObject: {fileID: 0}
  m_PrefabInstance: {fileID: 0}
  m_PrefabAsset: {fileID: 0}
  m_GameObject: {fileID: 1817032560084484}
  m_LocalRotation: {x: 0.7157745, y: 0.0033453172, z: 0.037727166, w: 0.6973037}
  m_LocalPosition: {x: -0.36017916, y: 0.5147992, z: -0.14383373}
  m_LocalScale: {x: 1, y: 1, z: 0.9999999}
  m_Children: []
  m_Father: {fileID: 4973794292835340}
  m_RootOrder: 2
  m_LocalEulerAnglesHint: {x: 64.77731, y: 156.06047, z: 156.9182}
--- !u!1 &1819908603365710
GameObject:
  m_ObjectHideFlags: 0
  m_CorrespondingSourceObject: {fileID: 0}
  m_PrefabInstance: {fileID: 0}
  m_PrefabAsset: {fileID: 0}
  serializedVersion: 6
  m_Component:
  - component: {fileID: 4397953215716644}
  m_Layer: 0
  m_Name: RigLLegPlatform
  m_TagString: Untagged
  m_Icon: {fileID: 0}
  m_NavMeshLayer: 0
  m_StaticEditorFlags: 0
  m_IsActive: 1
--- !u!4 &4397953215716644
Transform:
  m_ObjectHideFlags: 0
  m_CorrespondingSourceObject: {fileID: 0}
  m_PrefabInstance: {fileID: 0}
  m_PrefabAsset: {fileID: 0}
  m_GameObject: {fileID: 1819908603365710}
  m_LocalRotation: {x: 0.50000006, y: -0.50000006, z: -0.49999997, w: 0.49999997}
  m_LocalPosition: {x: -0.21196501, y: -1.0762594e-14, z: -0.00000010988182}
  m_LocalScale: {x: 1, y: 1, z: 1}
  m_Children: []
  m_Father: {fileID: 4973794292835340}
  m_RootOrder: 5
  m_LocalEulerAnglesHint: {x: 1.7873764, y: -102.13263, z: -79.47711}
--- !u!1 &1837439074733368
GameObject:
  m_ObjectHideFlags: 0
  m_CorrespondingSourceObject: {fileID: 0}
  m_PrefabInstance: {fileID: 0}
  m_PrefabAsset: {fileID: 0}
  serializedVersion: 6
  m_Component:
  - component: {fileID: 4923452541900528}
  m_Layer: 0
  m_Name: RigPelvis
  m_TagString: Untagged
  m_Icon: {fileID: 0}
  m_NavMeshLayer: 0
  m_StaticEditorFlags: 0
  m_IsActive: 1
--- !u!4 &4923452541900528
Transform:
  m_ObjectHideFlags: 0
  m_CorrespondingSourceObject: {fileID: 0}
  m_PrefabInstance: {fileID: 0}
  m_PrefabAsset: {fileID: 0}
  m_GameObject: {fileID: 1837439074733368}
  m_LocalRotation: {x: 0.50000006, y: -0.50000006, z: -0.49999997, w: 0.49999997}
  m_LocalPosition: {x: 3.5697133e-14, y: 0.21609424, z: -0.00000013477928}
  m_LocalScale: {x: 1, y: 1, z: 1}
  m_Children:
  - {fileID: 4175993665884716}
  - {fileID: 4002693800359950}
  - {fileID: 4569671388062164}
  m_Father: {fileID: 4973794292835340}
  m_RootOrder: 6
  m_LocalEulerAnglesHint: {x: 4.755901, y: -92.93789, z: -90.20632}
--- !u!1 &1843666709304482
GameObject:
  m_ObjectHideFlags: 0
  m_CorrespondingSourceObject: {fileID: 0}
  m_PrefabInstance: {fileID: 0}
  m_PrefabAsset: {fileID: 0}
  serializedVersion: 6
  m_Component:
  - component: {fileID: 4059071452540156}
  m_Layer: 0
  m_Name: RigRibcage
  m_TagString: Untagged
  m_Icon: {fileID: 0}
  m_NavMeshLayer: 0
  m_StaticEditorFlags: 0
  m_IsActive: 1
--- !u!4 &4059071452540156
Transform:
  m_ObjectHideFlags: 0
  m_CorrespondingSourceObject: {fileID: 0}
  m_PrefabInstance: {fileID: 0}
  m_PrefabAsset: {fileID: 0}
  m_GameObject: {fileID: 1843666709304482}
  m_LocalRotation: {x: -7.1054274e-15, y: -1.3271574e-14, z: -7.1054274e-15, w: 1}
  m_LocalPosition: {x: -0.08259887, y: 0, z: 2.0319617e-15}
  m_LocalScale: {x: 1, y: 1, z: 1}
  m_Children:
  - {fileID: 4444192775882176}
  - {fileID: 4312559309721478}
  - {fileID: 4790084881768430}
  m_Father: {fileID: 4868277759363040}
  m_RootOrder: 0
  m_LocalEulerAnglesHint: {x: -0.29873836, y: -0.46153864, z: -0.3781366}
--- !u!1 &1875949955600704
GameObject:
  m_ObjectHideFlags: 0
  m_CorrespondingSourceObject: {fileID: 0}
  m_PrefabInstance: {fileID: 0}
  m_PrefabAsset: {fileID: 0}
  serializedVersion: 6
  m_Component:
  - component: {fileID: 4375724612926496}
  m_Layer: 0
  m_Name: RigRLeg2
  m_TagString: Untagged
  m_Icon: {fileID: 0}
  m_NavMeshLayer: 0
  m_StaticEditorFlags: 0
  m_IsActive: 1
--- !u!4 &4375724612926496
Transform:
  m_ObjectHideFlags: 0
  m_CorrespondingSourceObject: {fileID: 0}
  m_PrefabInstance: {fileID: 0}
  m_PrefabAsset: {fileID: 0}
  m_GameObject: {fileID: 1875949955600704}
  m_LocalRotation: {x: 0.03631189, y: 0.030106394, z: 0.13800639, w: 0.9893075}
  m_LocalPosition: {x: -0.07796982, y: 0.0000000023841857, z: 0}
  m_LocalScale: {x: 0.9999998, y: 1.0000002, z: 1}
  m_Children:
  - {fileID: 4498556422054724}
  m_Father: {fileID: 4002693800359950}
  m_RootOrder: 0
  m_LocalEulerAnglesHint: {x: 0.53111374, y: 6.076227, z: 76.78069}
--- !u!1 &1896519692075244
GameObject:
  m_ObjectHideFlags: 0
  m_CorrespondingSourceObject: {fileID: 0}
  m_PrefabInstance: {fileID: 0}
  m_PrefabAsset: {fileID: 0}
  serializedVersion: 6
  m_Component:
  - component: {fileID: 4196411219423322}
  m_Layer: 0
  m_Name: RigJaw
  m_TagString: Untagged
  m_Icon: {fileID: 0}
  m_NavMeshLayer: 0
  m_StaticEditorFlags: 0
  m_IsActive: 1
--- !u!4 &4196411219423322
Transform:
  m_ObjectHideFlags: 0
  m_CorrespondingSourceObject: {fileID: 0}
  m_PrefabInstance: {fileID: 0}
  m_PrefabAsset: {fileID: 0}
  m_GameObject: {fileID: 1896519692075244}
  m_LocalRotation: {x: -4.019437e-14, y: -0.0000001376788, z: -0.7071068, w: 0.7071068}
  m_LocalPosition: {x: 0.29302263, y: -0.0015577746, z: 3.032923e-10}
  m_LocalScale: {x: 1, y: 1, z: 1}
  m_Children: []
  m_Father: {fileID: 4301142191395484}
  m_RootOrder: 0
  m_LocalEulerAnglesHint: {x: 1.3446834, y: -0.0033768564, z: -81.837265}
--- !u!1 &1995782630667258
GameObject:
  m_ObjectHideFlags: 0
  m_CorrespondingSourceObject: {fileID: 0}
  m_PrefabInstance: {fileID: 0}
  m_PrefabAsset: {fileID: 0}
  serializedVersion: 6
  m_Component:
  - component: {fileID: 4301142191395484}
  m_Layer: 0
  m_Name: RigHead
  m_TagString: Untagged
  m_Icon: {fileID: 0}
  m_NavMeshLayer: 0
  m_StaticEditorFlags: 0
  m_IsActive: 1
--- !u!4 &4301142191395484
Transform:
  m_ObjectHideFlags: 0
  m_CorrespondingSourceObject: {fileID: 0}
  m_PrefabInstance: {fileID: 0}
  m_PrefabAsset: {fileID: 0}
  m_GameObject: {fileID: 1995782630667258}
  m_LocalRotation: {x: -7.1054274e-15, y: -1.3271574e-14, z: -7.1054274e-15, w: 1}
  m_LocalPosition: {x: -0.061144635, y: 0, z: 1.5041809e-15}
  m_LocalScale: {x: 1, y: 1, z: 1}
  m_Children:
  - {fileID: 4196411219423322}
  m_Father: {fileID: 4154081603200712}
  m_RootOrder: 0
  m_LocalEulerAnglesHint: {x: 0.4010596, y: 0.34848586, z: 1.0062541}
